@inproceedings{fpn,
  title={Feature pyramid networks for object detection},
  author={Lin, Tsung-Yi and Doll{\'a}r, Piotr and Girshick, Ross and He, Kaiming and Hariharan, Bharath and Belongie, Serge},
  booktitle={Proceedings of the IEEE conference on computer vision and pattern recognition},
  pages={2117--2125},
  year={2017}
}

@article{AdamW,
  title={Decoupled weight decay regularization},
  author={Loshchilov, Ilya and Hutter, Frank},
  journal={arXiv preprint arXiv:1711.05101},
  year={2017}
}

@inproceedings{r-cnn,
  title={Rich feature hierarchies for accurate object detection and semantic segmentation},
  author={Girshick, Ross and Donahue, Jeff and Darrell, Trevor and Malik, Jitendra},
  booktitle={Proceedings of the IEEE conference on computer vision and pattern recognition},
  pages={580--587},
  year={2014}
}

@inproceedings{retinanet,
  title={Focal loss for dense object detection},
  author={Lin, Tsung-Yi and Goyal, Priya and Girshick, Ross and He, Kaiming and Doll{\'a}r, Piotr},
  booktitle={Proceedings of the IEEE international conference on computer vision},
  pages={2980--2988},
  year={2017}
}

@inproceedings{liu2021swin,
  title={Swin transformer: Hierarchical vision transformer using shifted windows},
  author={Liu, Ze and Lin, Yutong and Cao, Yue and Hu, Han and Wei, Yixuan and Zhang, Zheng and Lin, Stephen and Guo, Baining},
  booktitle={Proceedings of the IEEE/CVF international conference on computer vision},
  pages={10012--10022},
  year={2021}
}


@inproceedings{huang2017speed,
  title={Speed/accuracy trade-offs for modern convolutional object detectors},
  author={Huang, Jonathan and Rathod, Vivek and Sun, Chen and Zhu, Menglong and Korattikara, Anoop and Fathi, Alireza and Fischer, Ian and Wojna, Zbigniew and Song, Yang and Guadarrama, Sergio and others},
  booktitle={Proceedings of the IEEE conference on computer vision and pattern recognition},
  pages={7310--7311},
  year={2017}
}

@inproceedings{ale2018road,
  title={Road damage detection using RetinaNet},
  author={Ale, Laha and Zhang, Ning and Li, Longzhuang},
  booktitle={2018 IEEE International Conference on Big Data (Big Data)},
  pages={5197--5200},
  year={2018},
  organization={IEEE}
}


@inproceedings{tiwari2022detecting,
  title={Detecting COVID-19 Opacity in X-ray Images Using YOLO and RetinaNet Ensemble},
  author={Tiwari, Vinayak and Singhal, Amit and Dhankhar, Nischay},
  booktitle={2022 IEEE Delhi Section Conference (DELCON)},
  pages={1--5},
  year={2022},
  organization={IEEE}
}

@inproceedings{redmon2016you,
  title={You only look once: Unified, real-time object detection},
  author={Redmon, Joseph and Divvala, Santosh and Girshick, Ross and Farhadi, Ali},
  booktitle={Proceedings of the IEEE conference on computer vision and pattern recognition},
  pages={779--788},
  year={2016}
}

@article{li2018real,
  title={Real-time detection of steel strip surface defects based on improved yolo detection network},
  author={Li, Jiangyun and Su, Zhenfeng and Geng, Jiahui and Yin, Yixin},
  journal={IFAC-PapersOnLine},
  volume={51},
  number={21},
  pages={76--81},
  year={2018},
  publisher={Elsevier}
}

